 @Article{ art:mcp,
   author = "{M}c{C}ulloch, W. and Pitts, W.",
   title = "A logical calculus of the ideas immanent in nervous activity.",
   journal = "{B}ulletin of {M}athematical {B}iophysics",
   year = "1943",
 }

